@article{bengio2009cl,
  title={Curriculum learning},
  author={Yoshua Bengio and Jérôme Louradour and Ronan Collobert and Jason Weston},
  journal={Proceedings of the 26th Annual International Conference on Machine Learning},
  year={2009},
  pages={41-48},
  publisher={ACM}
}

@article{weinshall2018cltransfer,
  title={Curriculum learning by transfer learning: theory and experiments with deep networks},
  author={Daphna Weinshall and Gad Cohen and Dan Amir},
  year={2018},
  journal={Proceedings of the 35th International Conference on Machine Learning}
}

@article{hacohen2019clnetworks,
  title={On the power of curriculum learning in training deep networks},
  author={Guy Hacohen and Daphna Weinshall},
  journal={Proceedings of the 36th International Conference on Machine Learning},
  year={2019},
  pages={2535-2544},
  publisher={PMLR}
}

@article{narvekar2020survey,
  title={Curriculum Learning for Reinforcement Learning Domains: A Framework and Survey},
  author={Sanmit Narvekar and Bei Peng and Matteo Leonetti and Jivko Sinapov and Matthew E. Taylor and Peter Stone},
  journal={Journal of Machine Learning Research},
  year={2020},
  volume={21},
  number={181},
  pages={1-50}
}

@article{taylor2009transferlearning,
    author = {Taylor, Matthew and Stone, Peter},
    year = {2009},
    month = {07},
    pages = {1633--1685},
    title = {Transfer Learning for Reinforcement Learning Domains: A Survey},
    volume = {10},
    journal = {Journal of Machine Learning Research},
    doi = {10.1145/1577069.1755839}
}


@article{bhati2023clmulti,
  title={Curriculum Learning for Cooperation in Multi-Agent Reinforcement Learning},
  author={Rupali Bhati and Sai Krishna Gottipati and Clodéric Mars and Matthew E. Taylor},
  journal={37th Conference on Neural Information Processing Systems (NeurIPS)},
  year={2023},
  url={https://ar5iv.org/html/2312.11768}
}

@article{gupta2021rlcapabilities,
  title={Extending the Capabilities of Reinforcement Learning Through Curriculum: A Review of Methods and Applications},
  author={Kashish Gupta and Debasmita Mukherjee and Homayoun Najjaran},
  journal={SN Computer Science},
  year={2021},
  volume={3},
  number={28}
}

@article{schraner2022clforrl,
  title={Teacher-student curriculum learning for reinforcement learning},
  author={Yanick Schraner},
  journal={University of Applied Sciences Northwestern Switzerland},
  year={2022},
  url={https://arxiv.org/abs/2210.17368}
}

@book{shabana2013dynMSD, 
 place={Cambridge}, 
 edition={4}, 
 title={Dynamics of Multibody Systems}, 
 publisher={Cambridge University Press}, 
 author={Shabana, Ahmed A.}, 
 year={2013}
}

@article{manzl2023relrl,
 author = {Manzl, Peter and Rogov, Oleg and Gerstmayr, Johannes and Mikkola, Aki and Orzechowski, Grzegorz},
 title = {Reliability evaluation of reinforcement learning methods for mechanical systems with increasing complexity},
 journal = {Multibody System Dynamics},
 year = {2023},
 publisher = {Springer}
}

@article{kurinov2020autoexcavator,
 author = {Kurinov, Ilya and Orzechowski, Grzegorz and Hamalainen, Perttu and Mikkola, Aki},
 year = {2020},
 month = {01},
 pages = {213998-214006},
 title = {Automated Excavator Based on Reinforcement Learning and Multibody System Dynamics},
 volume = {8},
 journal = {IEEE Access},
 doi = {10.1109/ACCESS.2020.3040246}
}

@book{sutton_reinforcement_2018,
	address = {Cambridge, Massachusetts},
	edition = {second edition},
	title = {Reinforcement {Learning}: {An} {Introduction}},
	isbn = {978-0-262-03924-6},
	shorttitle = {Reinforcement {Learning}},
	language = {English},
	publisher = {A Bradford Book},
	author = {Sutton, Richard S. and Barto, Andrew G.},
	year = {2018}
}

@article{mnih2013dqn,
  author       = {Volodymyr Mnih and
                  Koray Kavukcuoglu and
                  David Silver and
                  Alex Graves and
                  Ioannis Antonoglou and
                  Daan Wierstra and
                  Martin A. Riedmiller},
  title        = {Playing Atari with Deep Reinforcement Learning},
  journal      = {CoRR},
  volume       = {abs/1312.5602},
  year         = {2013},
  url          = {http://arxiv.org/abs/1312.5602},
  eprinttype   = {arXiv},
  eprint       = {1312.5602}
}

@article{zhu2022inverted,
 year = {2022},
 publisher = {IOP Publishing},
 volume = {2296},
 number = {1},
 pages = {012008},
 author = {Shenghan Zhu and Song Liu and Siling Feng and Mengxing Huang and Bo Sun},
 title = {An optimization method for the inverted pendulum problem based on deep reinforcement learning},
 journal = {Journal of Physics: Conference Series}
}

@article{roveda2020mbrl,
 author = {Roveda, Loris and Maskani, Jeyhoon and Franceschi, Paolo and Abdi, Arash and Braghin, Francesco and Molinari Tosatti, Lorenzo and Pedrocchi, Nicola},
 year = {2020},
 month = {11},
 title = {Model-Based Reinforcement Learning Variable Impedance Control for Human-Robot Collaboration},
 journal = {Journal of Intelligent and Robotic Systems}
}

@book{franklin2010feedback,
author = {Franklin, G and Powell, J.D. and Emami-Naeini, Abbas},
year = {1994},
month = {01},
pages = {},
title = {Feedback Control Of Dynamic Systems}
}

@article{schwenzer2021mpc,
  title={Review on model predictive control: an engineering perspective},
  author={Schwenzer, Max and Muzaffer, Ay and Bergs, Thomas and Abel, Dirk},
  journal={The International Journal of Advanced Manufacturing Technology},
  volume={117},
  pages={1327--1349},
  year={2021},
  publisher={Springer}
}

@article{huh2023deep,
  title={Deep Learning-Based Autonomous Excavation: A Bucket-Trajectory Planning Algorithm},
  author={Huh, Jaemyung and Bae, Jangho and Lee, Donghyeon and Kwak, Jaewon and Moon, Chanyoung and Im, Chulwhan and Ko, Yeonho and Kang, Tae Koo and Hong, Daehie},
  journal={IEEE Access},
  volume={11},
  pages={4523-4535},
  year={2023},
  publisher={IEEE},
  doi={10.1109/ACCESS.2023.3267120}
}

@article{osa2022deep,
  title={Deep Reinforcement Learning with Adversarial Training for Automated Excavation using Depth Images},
  author={Osa, Takayuki and Aizawa, Masanori},
  journal={IEEE Access},
  volume={10},
  pages={4523-4535},
  year={2022},
  publisher={IEEE},
  doi={10.1109/ACCESS.2022.3140781}
}

@article{egli2022soil,
  title={Soil-Adaptive Excavation Using Reinforcement Learning},
  author={Egli, Pascal and Gaschen, Dominique and Kerscher, Simon and Jud, Dominic and Hutter, Marco},
  journal={IEEE Robotics and Automation Letters},
  volume={7},
  number={4},
  pages={1--8},
  year={2022},
  doi={10.1109/LRA.2022.3189834},
  publisher={IEEE}
}


@article{mnih2016a2c,
	title={Asynchronous methods for deep reinforcement learning},
	author={Mnih, Volodymyr and Badia, Adri{\`a} Puigdom{\`e}nech and Mirza, Mehdi and Graves, Alex and Lillicrap, Timothy and Harley, Tim and Silver, David and Kavukcuoglu, Koray},
	journal={arXiv preprint arXiv:1602.01783},
	year={2016}
}

@inproceedings{schulman2017ppo,
	title={Proximal policy optimization algorithms},
	author={Schulman, John and Wolski, Filip and Dhariwal, Prafulla and Radford, Alec and Klimov, Oleg},
	booktitle={Proceedings of the 34th International Conference on Machine Learning-Volume 70},
	pages={3191--3199},
	year={2017},
	organization={JMLR.org}
}

@article{mnih2013dqn,
	author       = {Volodymyr Mnih and
	Koray Kavukcuoglu and
	David Silver and
	Alex Graves and
	Ioannis Antonoglou and
	Daan Wierstra and
	Martin A. Riedmiller},
	title        = {Playing Atari with Deep Reinforcement Learning},
	journal      = {CoRR},
	volume       = {abs/1312.5602},
	year         = {2013},
	url          = {http://arxiv.org/abs/1312.5602},
	eprinttype    = {arXiv},
	eprint       = {1312.5602},
}

@article{dulac2019challenges,
	title={Challenges of real-world reinforcement learning},
	author={Dulac-Arnold, Gabriel and Mankowitz, Daniel and Hester, Todd},
	journal={arXiv},
	year={2019}
}

@article{Fantoni2001Nonlinear,
	title={Non-linear Control for Underactuated Mechanical Systems},
	author={I. Fantoni and R. Lozano},
	year={2001},
	publisher={Springer},
	doi={10.1115/1.1483350}
}
	